@article{Hameroff1996,
  author = {Hameroff, S. and Penrose, R.},
  title = {Orchestrated reduction of quantum coherence in brain microtubules: A model for consciousness},
  journal = {Mathematics and Computers in Simulation},
  year = {1996},
  volume = {40},
  pages = {453--480}
}

@article{Nanopoulos1995,
  author = {Nanopoulos, D. V. and Mavromatos, N. E.},
  title = {A microscopic model for quantum coherence in microtubules},
  journal = {International Journal of Modern Physics B},
  year = {1995},
  volume = {9},
  pages = {1483--1524}
}

@article{Kozlowski2005,
  author = {Kozłowski, M. and Marciak-Kozłowska, J.},
  title = {Wave-Diffusion Transition in Microtubules},
  journal = {Physical Review E},
  year = {2005},
  volume = {72},
  pages = {046124}
}

@article{Mershin2000,
  author = {Mershin, A. and Nanopoulos, D.V. and Skoulakis, E.M.C.},
  title = {Quantum Brain?},
  journal = {Biosystems},
  year = {2000},
  volume = {64},
  pages = {3--10}
}

@article{Issokolo2023,
  author = {Issokolo, M. and Sataric, M.V. and Tuszynski, J.A.},
  title = {Discrete and Asymmetric Solitons in Microtubules},
  journal = {Physica D},
  year = {2023},
  volume = {446},
  pages = {133713}
}

@article{Tegmark2000,
  author = {Tegmark, M.},
  title = {Importance of Quantum Decoherence in Brain Processes},
  journal = {Physical Review E},
  year = {2000},
  volume = {61},
  pages = {4194--4206}
}

@article{Bandyopadhyay2018,
  author = {Bandyopadhyay, A.},
  title = {Quantum Vibration and Memory Storage in Microtubules},
  journal = {Scientific Reports},
  year = {2018},
  volume = {8},
  pages = {14150}
}

@article{Craddock2014,
  author = {Craddock, T. and Friesen, D. and Mane, J. and Tuszynski, J.},
  title = {The Feasibility of Coherent Energy Transfer in Microtubules},
  journal = {Journal of the Royal Society Interface},
  year = {2014},
  volume = {11},
  pages = {20140677}
}

@article{Schrodinger1926,
  author = {Schrödinger, E.},
  title = {Quantisierung als Eigenwertproblem},
  journal = {Annalen der Physik},
  year = {1926},
  volume = {384},
  pages = {361--376},
  doi = {10.1002/andp.19263}
}

@article{Brehm1991,
  author = {Brehm, J.J.},
  title = {Scaling Behavior in a Fibonacci-Sequenced System},
  journal = {Zeitschrift für Physik B Condensed Matter},
  year = {1991},
  volume = {85},
  pages = {145--157},
  doi = {10.1007/BF01387800}
}

@article{Wang2021,
  author = {Wang, M.},
  title = {Random Walks on Fibonacci Treelike Models},
  journal = {Physica A: Statistical Mechanics and Its Applications},
  year = {2021},
  volume = {581},
  pages = {126199},
  doi = {10.1016/j.physa.2021.126199}
}

@article{Taglauer2022,
  author = {Taglauer, E.S. et al.},
  title = {Evaluation of Maternal-Fetal Dyad Inflammatory Cytokines in Pregnancies Affected by Maternal SARS-CoV-2 Infection in Early and Late Gestation},
  journal = {Journal of Perinatology},
  year = {2022},
  volume = {42},
  pages = {1202--1212}
}

@article{Tuszynski2016,
  author = {Tuszynski, J.A. and Portet, S. and Dixon, J.M. and Luxford, C.},
  title = {The Role of Quantum Coherence in Microtubule-Based Computation},
  journal = {Physical Review E},
  year = {2016},
  volume = {93},
  pages = {012402}
}

@article{Mavromatos2011,
  author = {Mavromatos, Nick E.},
  title = {Quantum mechanical aspects of cell microtubules: science fiction or realistic possibility?},
  journal = {Journal of Physics: Conference Series},
  year = {2011},
  volume = {306},
  pages = {012008},
  doi = {10.1088/1742-6596/306/1/012008}
}